% This file was created with JabRef 2.7b.
% Encoding: UTF-8

@BOOK{Agrawal2000,
  title = {Essentials of Electronic Testing for Digital, Memory and Mixed-Signal
	VLSI Circuits},
  publisher = {Springer},
  year = {2000},
  author = {Agrawal, V.D.},
  series = {Frontiers in Electronic Testing},
  isbn = {9780792379911}
}

@BOOK{Alpaydin2004,
  title = {Introduction to machine learning},
  publisher = {MIT press},
  year = {2004},
  author = {Alpaydin, Ethem}
}

@INPROCEEDINGS{Bartenstein2001,
  author = {Bartenstein, Thomas and Sliwinski, David and Heaberlin, Douglas and
	Huisman, Leendert},
  title = {Diagnosing combinational logic designs using the single location
	at-a-time (SLAT) paradigm},
  booktitle = {2013 IEEE International Test Conference (ITC)},
  year = {2001},
  pages = {287--287},
  organization = {International Test Conference}
}

@ARTICLE{Bondavalli2000,
  author = {Bondavalli, Andrea and Chiaradonna, Silvano and Di Giandomenico,
	Felicita and Grandoni, Fabrizio},
  title = {Threshold-based mechanisms to discriminate transient from intermittent
	faults},
  journal = {Computers, IEEE Transactions on},
  year = {2000},
  volume = {49},
  pages = {230--245},
  number = {3},
  publisher = {IEEE}
}

@ARTICLE{Constantinescu2007,
  author = {Constantinescu, Cristian},
  title = {Impact of intermittent faults on nanocomputing devices},
  journal = {Proceedings of IEEE/IFIP DSN-2007 (Supplemental Volume), Edinburgh,
	UK},
  year = {2007},
  pages = {238--241}
}

@INPROCEEDINGS{Constantinescu2007a,
  author = {Constantinescu, Cristian},
  title = {Intermittent faults in VLSI circuits},
  booktitle = {Proceedings of the IEEE Workshop on Silicon Errors in Logic-System
	Effects},
  year = {2007},
  organization = {Citeseer}
}

@ARTICLE{Constantinescu2003,
  author = {Constantinescu, Cristian},
  title = {Trends and challenges in VLSI circuit reliability},
  journal = {IEEE micro},
  year = {2003},
  volume = {23},
  pages = {14--19},
  number = {4},
  publisher = {IEEE Computer Society Press}
}

@INPROCEEDINGS{DeKleer2009,
  author = {De Kleer, Johan},
  title = {Diagnosing Multiple Persistent and Intermittent Faults.},
  booktitle = {IJCAI},
  year = {2009},
  pages = {733--738}
}

@INPROCEEDINGS{Dharchoudhury1994,
  author = {Dharchoudhury, Abhijit and Kang, Sung-Mo and Cha, Hungse and Patel,
	Janak H},
  title = {Fast timing simulation of transient faults in digital circuits},
  booktitle = {Proceedings of the 1994 IEEE/ACM international conference on Computer-aided
	design},
  year = {1994},
  pages = {719--722},
  organization = {IEEE Computer Society Press}
}

@ARTICLE{Dodd2003,
  author = {Dodd, Paul E and Massengill, Lloyd W},
  title = {Basic mechanisms and modeling of single-event upset in digital microelectronics},
  journal = {IEEE Transactions on Nuclear Science},
  year = {2003},
  volume = {50},
  pages = {583--602},
  number = {3},
  publisher = {IEEE}
}

@INCOLLECTION{Espinosa2013,
  author = {Espinosa, Jaime and Andrés, David and Ruiz, Juan-Carlos and Gil,
	Pedro},
  title = {The Challenge of Detection and Diagnosis of Fugacious Hardware Faults
	in VLSI Designs},
  booktitle = {Dependable Computing},
  publisher = {Springer Berlin Heidelberg},
  year = {2013},
  editor = {Vieira, Marco and Cunha, JoãoCarlos},
  volume = {7869},
  series = {Lecture Notes in Computer Science},
  pages = {76-87},
  isbn = {978-3-642-38788-3}
}

@INPROCEEDINGS{Ghate1982,
  author = {Ghate, PB},
  title = {Electromigration-induced failures in VLSI interconnects},
  booktitle = {20th Annual Reliability Physics Symposium, 1982.},
  year = {1982},
  pages = {292--299},
  organization = {IEEE}
}

@INPROCEEDINGS{Hawkins2003,
  author = {Hawkins, Charles and Keshavarzi, Ali and Segura, Jaume},
  title = {View from the bottom: nanometer technology AC parametric failures-why,
	where, and how to detect},
  booktitle = {Proceedings of 18th IEEE International Symposium on Defect and Fault
	Tolerance in VLSI Systems, 2003},
  year = {2003},
  pages = {267--276},
  organization = {IEEE}
}

@ARTICLE{Holst2009,
  author = {Holst, Stefan and Wunderlich, Hans-Joachim},
  title = {Adaptive debug and diagnosis without fault dictionaries},
  journal = {Journal of Electronic Testing},
  year = {2009},
  volume = {25},
  pages = {259--268},
  number = {4-5},
  publisher = {Springer}
}

@ARTICLE{Iyer1986,
  author = {Iyer, Ravishankar K. and Rossetti, David J},
  title = {A measurement-based model for workload dependence of CPU errors},
  journal = {IEEE Transactions on Computers},
  year = {1986},
  volume = {100},
  pages = {511--519},
  number = {6},
  publisher = {IEEE}
}

@ARTICLE{Iyer1990,
  author = {Iyer, Ravishankar K. and Young, Luke T. and Iyer, P. V. Krishna},
  title = {Automatic recognition of intermittent failures: An experimental study
	of field data},
  journal = {Computers, IEEE Transactions on},
  year = {1990},
  volume = {39},
  pages = {525--537},
  number = {4},
  publisher = {IEEE}
}

@BOOK{Khare1996,
  title = {From Contamination to Defects, Faults and Yield Loss: Simulation
	and Applications},
  publisher = {Springer},
  year = {1996},
  author = {Khare, J.B. and Maly, W.},
  series = {Frontiers in Electronic Testing},
  isbn = {9780792397144}
}

@BOOK{Kishore2009,
  title = {VLSI Design},
  publisher = {I.K. International Publishing House Pvt. Limited},
  year = {2009},
  author = {Kishore, K.L. and Prabhakar, V.S.V.},
  isbn = {9789380026671}
}

@BOOK{Larsson2006,
  title = {Introduction to Advanced System-on-Chip Test Design and Optimization},
  publisher = {Springer},
  year = {2006},
  author = {Larsson, E.},
  series = {Frontiers in Electronic Testing},
  isbn = {9780387256245},
  lccn = {2006274784}
}

@PHDTHESIS{Lehtonen2009,
  author = {Lehtonen, Teijo and others},
  title = {On fault tolerance methods for networks-on-chip},
  year = {2009},
  publisher = {TUCS Dissertations 122}
}

@ARTICLE{Lin1990,
  author = {Lin, Ting-Ting Y and Siewiorek, Daniel P},
  title = {Error log analysis: statistical modeling and heuristic trend analysis},
  journal = {IEEE Transactions on Reliability},
  year = {1990},
  volume = {39},
  pages = {419--432},
  number = {4},
  publisher = {IEEE}
}

@INPROCEEDINGS{Pizza1998,
  author = {Pizza, M and Strigini, Lorenzo and Bondavalli, Andrea and Di Giandomenico,
	Felicita},
  title = {Optimal discrimination between transient and permanent faults},
  booktitle = {Proceedings of Third IEEE International High-Assurance Systems Engineering
	Symposium, 1998 },
  year = {1998},
  pages = {214--223},
  organization = {IEEE}
}

@INPROCEEDINGS{Polian2007,
  author = {Polian, Ilia and Czutro, Alejandro and Kundu, Sandip and Becker,
	Bernd},
  title = {Power droop testing},
  booktitle = {IEEE International Conference on Computer Design, 2006},
  year = {2007},
  pages = {243--250},
  organization = {IEEE}
}

@ARTICLE{Savir1980,
  author = {Savir, Jacob},
  title = {length M. Each set of curves approaches limiting curve for large},
  journal = {IEEE Transactions on Computers},
  year = {1980},
  volume = {100},
  number = {29}
}

@ARTICLE{Stathis2001,
  author = {Stathis, James H},
  title = {Physical and predictive models of ultrathin oxide reliability in
	CMOS devices and circuits},
  journal = {IEEE Transactions on Device and Materials Reliability},
  year = {2001},
  volume = {1},
  pages = {43--59},
  number = {1},
  publisher = {IEEE}
}

@INPROCEEDINGS{Wagner1995,
  author = {Wagner, Israel A and Koren, Israel},
  title = {The effect of spot defects on the parametric yield of long interconnection
	lines},
  booktitle = {Proceedings of 1995 IEEE International Workshop onDefect and Fault
	Tolerance in VLSI Systems, 1995},
  year = {1995},
  pages = {46--54},
  organization = {IEEE}
}

@INPROCEEDINGS{Wang2010,
  author = {Wang, L-C},
  title = {Data learning based diagnosis},
  booktitle = {15th Asia and South Pacific Design Automation Conference (ASP-DAC),
	2010},
  year = {2010},
  pages = {247--254},
  organization = {IEEE}
}

@ARTICLE{Weste1985,
  author = {Weste, Neil HE and Eshraghian, Kamran},
  title = {Principles of CMOS VLSI design: a systems perspective},
  journal = {NASA STI/Recon Technical Report A},
  year = {1985},
  volume = {85},
  pages = {47028}
}

@MANUAL{AnalogDevices2000,
  title = {ADI Reliablity Handbook},
  organization = {Analog Devices Inc.},
  year = {2000},
  owner = {Analog Devices, Inc.}
}

